@article {SelfTuning,
	author = {Kaspar, Alexandre and Neubert, Boris and Lischinski, Dani and Pauly, Mark and Kopf, Johannes},
	title = {Self Tuning Texture Optimization},
	journal = {Computer Graphics Forum},
	year = {2015},
	volume = {34},
	number = {2},
	pages = {349-359},
}

@inproceedings{StateOfTheArt,
	author = {Wei, Li-Yi and Lefebvre, Sylvain and Kwatra, Vivek and Turk, Greg},
  	title = {State of the Art in Example-based Texture Synthesis},
  	booktitle = {Eurographics 2009, State of the Art Report, EG-STAR},
  	year = {2009},
}

@inproceedings{EL99,
	author = {Efros, Alexei A. and Leung, Thomas K.},
	title = {Texture Synthesis by Non-Parametric Sampling},
	booktitle = {IEEE International Conference on Computer Vision},
	year = {1999},
	pages = {1033-1038},
}

@inproceedings{TexturOptimization,
	author = {Kwatra, Vivek and Essa, Irfan and Bobick, Aaron and Kwatra, Nipun},
	title = {Texture Optimization for Example-based Synthesis},
 	booktitle = {SIGGRAPH '05},
	year = {2005},
	pages = {795-802},
}

@inproceedings{EL99,
	author = {Efros, Alexei A. and Leung, Thomas K.},
	title = {Texture Synthesis by Non-Parametric Sampling},
	booktitle = {IEEE International Conference on Computer Vision},
	year = {1999},
	pages = {1033-1038},
} 